<?xml version="1.0" encoding="UTF-8"?><record xmlns="info:lc/xmlns/marcxchange-v1" xmlns:xsi="http://www.w3.org/2001/XMLSchema-instance" xsi:schemaLocation="info:lc/xmlns/marcxchange-v1 http://www.loc.gov/standards/iso25577/marcxchange-1-1.xsd">
  <leader>00000     22000000 4500 </leader>
  <datafield ind1="0" ind2="0" tag="001">
    <subfield code="a">22058037</subfield>
    <subfield code="b">191919</subfield>
    <subfield code="c">20190723053821</subfield>
    <subfield code="d">19991103</subfield>
    <subfield code="f">a</subfield>
  </datafield>
  <datafield ind1="0" ind2="0" tag="004">
    <subfield code="r">n</subfield>
    <subfield code="a">e</subfield>
  </datafield>
  <datafield ind1="0" ind2="0" tag="008">
    <subfield code="&amp;">f</subfield>
    <subfield code="t">m</subfield>
    <subfield code="u">r</subfield>
    <subfield code="a">1998</subfield>
    <subfield code="z">1999</subfield>
    <subfield code="b">dk</subfield>
    <subfield code="d">å</subfield>
    <subfield code="l">dan</subfield>
    <subfield code="o">b</subfield>
    <subfield code="v">0</subfield>
  </datafield>
  <datafield ind1="0" ind2="0" tag="009">
    <subfield code="a">a</subfield>
    <subfield code="g">xx</subfield>
  </datafield>
  <datafield ind1="0" ind2="0" tag="021">
    <subfield code="a">87-14-19823-1</subfield>
    <subfield code="c">ib.</subfield>
    <subfield code="d">kr. 68,00</subfield>
  </datafield>
  <datafield ind1="0" ind2="0" tag="021">
    <subfield code="a">87-14-19489-9</subfield>
    <subfield code="b">1. oplag</subfield>
  </datafield>
  <datafield ind1="0" ind2="0" tag="032">
    <subfield code="a">DBF199948</subfield>
    <subfield code="x">SFD199948</subfield>
    <subfield code="x">DAT199946</subfield>
    <subfield code="x">DAT981243</subfield>
  </datafield>
  <datafield ind1="0" ind2="0" tag="038">
    <subfield code="a">bi</subfield>
  </datafield>
  <datafield ind1="0" ind2="0" tag="100">
    <subfield code="a">Mogensen</subfield>
    <subfield code="h">Jan</subfield>
    <subfield code="c">f. 1945</subfield>
  </datafield>
  <datafield ind1="0" ind2="0" tag="245">
    <subfield code="a">Hvordan skildpadden fik sit skjold</subfield>
    <subfield code="e">tekst og illustrationer af Jan Mogensen</subfield>
  </datafield>
  <datafield ind1="0" ind2="0" tag="250">
    <subfield code="x">[Nyt oplag]</subfield>
  </datafield>
  <datafield ind1="0" ind2="0" tag="260">
    <subfield code="&amp;">1</subfield>
    <subfield code="a">Kbh.</subfield>
    <subfield code="b">Høst</subfield>
    <subfield code="c">2000</subfield>
    <subfield code="k">tr. i udl.</subfield>
  </datafield>
  <datafield ind1="0" ind2="0" tag="300">
    <subfield code="a">[32] sider</subfield>
    <subfield code="b">alle ill. i farver</subfield>
  </datafield>
  <datafield ind1="0" ind2="0" tag="440">
    <subfield code="0"/>
    <subfield code="&amp;">i</subfield>
    <subfield code="a">Spiren</subfield>
  </datafield>
  <datafield ind1="0" ind2="0" tag="504">
    <subfield code="&amp;">1</subfield>
    <subfield code="a">Billedbog. En gang for længe siden havde skildpadden ikke noget skjold. Og den nåede ikke altid af vejen, når de store dyr kom brasende. Men så en dag møder den en opfinder, der lige har opfundet lerskålen ...</subfield>
  </datafield>
  <datafield ind1="0" ind2="0" tag="521">
    <subfield code="a">[1. oplag]</subfield>
    <subfield code="c">1998</subfield>
  </datafield>
  <datafield ind1="0" ind2="0" tag="652">
    <subfield code="n">86</subfield>
    <subfield code="z">096</subfield>
  </datafield>
  <datafield ind1="0" ind2="0" tag="652">
    <subfield code="o">sk</subfield>
  </datafield>
  <datafield ind1="0" ind2="0" tag="666">
    <subfield code="0"/>
    <subfield code="s">dyrefortællinger</subfield>
  </datafield>
  <datafield ind1="0" ind2="0" tag="666">
    <subfield code="0"/>
    <subfield code="s">skildpadder</subfield>
  </datafield>
  <datafield ind1="0" ind2="0" tag="666">
    <subfield code="0"/>
    <subfield code="u">for 3 år</subfield>
  </datafield>
  <datafield ind1="0" ind2="0" tag="666">
    <subfield code="0"/>
    <subfield code="u">for 4 år</subfield>
  </datafield>
  <datafield ind1="0" ind2="0" tag="666">
    <subfield code="0"/>
    <subfield code="u">for 5 år</subfield>
  </datafield>
  <datafield ind1="0" ind2="0" tag="990">
    <subfield code="b">b</subfield>
    <subfield code="b">s</subfield>
  </datafield>
  <datafield ind1="0" ind2="0" tag="996">
    <subfield code="a">DBC</subfield>
  </datafield>
  <datafield ind1="0" ind2="0" tag="d08">
    <subfield code="a">BØK/SKO kode fjernet ved masserettelse og 990b tilføjet</subfield>
  </datafield>
  <datafield ind1="0" ind2="0" tag="d08">
    <subfield code="a">nø/lhf-bvl-002/16.11.00 agr</subfield>
  </datafield>
  <datafield ind1="0" ind2="0" tag="d08">
    <subfield code="a">masserettet i forb. med konvertering af aldersnoter</subfield>
  </datafield>
  <datafield ind1="0" ind2="0" tag="z99">
    <subfield code="a">masseret</subfield>
  </datafield>
</record>
